@misc{preesm,
    author = "{INSA}",
    title = {{PREESM}},
    howpublished = {\url{http://preesm.sourceforge.net/website/}},
    note = {Online; accessed 22 April 2015} ,
    year=2015,
}

@misc{sprugh7,
    author = "{Texas Instruments}",
    title = {{TMS320C66x DSP CPU and Instruction Set Reference Guide}},
    howpublished = {\url{http://www.ti.com/lit/ug/sprugh7/sprugh7.pdf}},
    note = {Online; accessed 22 April 2015} ,
    year=2010,
}

@misc{csl,
    author = "{Texas Instruments}",
    title = {{TMS320C6000 Chip Support Library API Reference Guide}},
    howpublished = {\url{http://www.ti.com/lit/ug/spru401j/spru401j.pdf}},
    note = {Online; accessed 22 April 2015} ,
    year=2015,
}

@misc{bios,
    author = "{Texas Instruments}",
    title = {{BIOS Multicore Software Development Kit, Version 2.x, User's Guide}},
    howpublished = {\url{http://processors.wiki.ti.com/index.php/BIOS\_MCSDK\_2.0\_User\_Guide}},
    note = {Online; accessed 22 April 2015} ,
    year=2015,
}

@misc{sysbios,
    author = "{Texas Instruments}",
    title = {{SYS/BIOS (TI-RTOS Kernel) v6.41 - User's Guide}},
    howpublished = {\url{http://www.ti.com.cn/cn/lit/ug/spruex3o/spruex3o.pdf}},
    note = {Online; accessed 22 April 2015} ,
    year=2014,
}

@misc{throu,
    author = "{Texas Instruments}",
    title = {{Throughput Performance Guide for TCI66x KeyStone Devices}},
    howpublished = {\url{http://www.ti.com/lit/an/sprabk5a/sprabk5a.pdf}},
    note = {Online; accessed 22 April 2015} ,
    year=2012,
}

@misc{corepac,
    author = "{Texas Instruments}",
    title = {{TMS320C66x DSP CorePac Users Guide}},
    howpublished = {\url{http://www.ti.com/lit/ug/sprugw0c/sprugw0c.pdf}},
    note = {Online; accessed 22 April 2015} ,
    year=2013,
}

@misc{navigator,
    author = "{Texas Instruments}",
    title = {{KeyStone Architecture Multicore Navigator, User's Guide}},
    howpublished = {\url{http://www.ti.com/lit/ug/sprugr9h/sprugr9h.pdf}},
    note = {Online; accessed 22 April 2015} ,
    year=2015,
}

@misc{trace,
    author = "{Texas Instruments}",
    title = {{Keystone I Architecture Debug and Trace User Guide}},
    howpublished = {\url{http://www.ti.com/lit/ug/sprugz2a/sprugz2a.pdf}},
    note = {Online; accessed 4 May 2015} ,
    year=2011,
}
